@ARTICLE{leschinski:2020,
       author = {{Leschinski}, Kieran and {Alves}, Jo{\~a}o},
        title = "{The Future of IMF studies with the ELT and MICADO I: The local Universe as a resolved IMF laboratory}",
      journal = {arXiv e-prints},
     keywords = {Astrophysics - Astrophysics of Galaxies, Astrophysics - Instrumentation and Methods for Astrophysics, Astrophysics - Solar and Stellar Astrophysics},
         year = 2020,
        month = jun,
          eid = {arXiv:2006.07619},
        pages = {arXiv:2006.07619},
archivePrefix = {arXiv},
       eprint = {2006.07619},
 primaryClass = {astro-ph.GA},
       adsurl = {https://ui.adsabs.harvard.edu/abs/2020arXiv200607619L},
      adsnote = {Provided by the SAO/NASA Astrophysics Data System}
}